<record><leader>00000cas a22000007a 4500</leader><controlfield tag="001">17955073</controlfield><controlfield tag="008">880514d19021944nduwr ne      0    0eng d</controlfield><datafield ind1=" " ind2=" " tag="010"><subfield code="a">sn 88076161 </subfield></datafield><datafield ind1=" " ind2=" " tag="040"><subfield code="a">NOP</subfield><subfield code="b">eng</subfield><subfield code="c">NOP</subfield><subfield code="d">OCLCQ</subfield></datafield><datafield ind1="0" ind2=" " tag="041"><subfield code="a">eng</subfield><subfield code="a">ger</subfield></datafield><datafield ind1=" " ind2=" " tag="042"><subfield code="a">msc</subfield></datafield><datafield ind1="0" ind2="4" tag="245"><subfield code="a">The Wishek news.</subfield></datafield><datafield ind1=" " ind2=" " tag="260"><subfield code="a">Wishek, McIntosh County, N.D. :</subfield><subfield code="b">Arthur P. Guy</subfield></datafield><datafield ind1=" " ind2=" " tag="300"><subfield code="a">42 volumes :</subfield><subfield code="b">illustrations ;</subfield><subfield code="c">54-71 cm</subfield></datafield><datafield ind1=" " ind2=" " tag="310"><subfield code="a">Weekly</subfield></datafield><datafield ind1=" " ind2=" " tag="336"><subfield code="a">text</subfield><subfield code="b">txt</subfield><subfield code="2">rdacontent</subfield></datafield><datafield ind1=" " ind2=" " tag="337"><subfield code="a">unmediated</subfield><subfield code="b">n</subfield><subfield code="2">rdamedia</subfield></datafield><datafield ind1=" " ind2=" " tag="338"><subfield code="a">volume</subfield><subfield code="b">nc</subfield><subfield code="2">rdacarrier</subfield></datafield><datafield ind1="1" ind2=" " tag="362"><subfield code="a">Began in 1902.</subfield></datafield><datafield ind1="0" ind2=" " tag="362"><subfield code="a">-v. 42, no. 48 (Feb. 24, 1944).</subfield></datafield><datafield ind1=" " ind2=" " tag="500"><subfield code="a">"Republican."</subfield></datafield><datafield ind1=" " ind2=" " tag="530"><subfield code="a">Available on microfilm from the State Historical Society of North Dakota.</subfield></datafield><datafield ind1=" " ind2=" " tag="546"><subfield code="a">In English and German.</subfield></datafield><datafield ind1=" " ind2=" " tag="588"><subfield code="a">Description based on: Vol. 1, no. 16 (July 18, 1902).</subfield></datafield><datafield ind1=" " ind2=" " tag="752"><subfield code="a">United States</subfield><subfield code="b">North Dakota</subfield><subfield code="c">McIntosh</subfield><subfield code="d">Wishek.</subfield></datafield><datafield ind1="0" ind2=" " tag="775"><subfield code="t">Wisheker Nachrichten</subfield><subfield code="w">(DLC)sn 89074224</subfield></datafield><datafield ind1="0" ind2="7" tag="785"><subfield code="t">Ashley tribune (Ashley, N.D. : 1915)</subfield><subfield code="w">(DLC)sn 88076158</subfield></datafield><datafield ind1="0" ind2="7" tag="785"><subfield code="t">Ashley tribune and the Wishek news</subfield><subfield code="w">(DLC)sn 88076159</subfield></datafield><datafield ind1="1" ind2=" " tag="029"><subfield code="a">AU@</subfield><subfield code="b">000025836170</subfield></datafield></record>